@article{avigad-mech14,
 author = {Avigad, Jeremy and Harrison, John},
 title = {Formally Verified Mathematics},
 journal = {Communications of the ACM},
 issue_date = {April 2014},
 volume = {57},
 number = {4},
 month = apr,
 year = {2014},
 issn = {0001-0782},
 pages = {66--75},
 numpages = {10},
 url = {http://doi.acm.org/10.1145/2591012},
 doi = {10.1145/2591012},
 acmid = {2591012},
 publisher = {ACM},
 address = {New York, NY, USA},
}

@article{hales-proofs14,
  author    = {Thomas C. Hales},
  title     = {Developments in Formal Proofs},
  journal   = {CoRR},
  volume    = {abs/1408.6474},
  year      = {2014},
  url       = {http://arxiv.org/abs/1408.6474},
  timestamp = {Fri, 12 Sep 2014 12:44:21 +0200},
  biburl    = {http://dblp.uni-trier.de/rec/bib/journals/corr/Hales14},
  bibsource = {dblp computer science bibliography, http://dblp.org}
}

@misc{pvslm,
author = {Miguel Romero and Camilo Rocha},
title = {A {PVS} Library Manager},
month = {June},
year = {2015},
url = {http://migueleci.github.io/pvslm/},
howpublished = {\url{http://migueleci.github.io/pvslm/}},
note = {[Online; accessed 14-June-2015]}
}

@misc{nasalib,
author = {{{NASA} Langley Formal Methods Team}},
title = {{NASA} {PVS} Library},
month = {June},
year = {2015},
url = {http://shemesh.larc.nasa.gov/fm/ftp/larc/PVS-library/},
howpublished = {\url{http://shemesh.larc.nasa.gov/fm/ftp/larc/PVS-library/}},
note = {[Online; accessed 14-June-2015]}
}


@inproceedings{pvs-cade92,
    AUTHOR = {{S.} Owre and {J.} {M.} Rushby and {N.} Shankar},
    TITLE = {{PVS:} {A} Prototype Verification System},
    BOOKTITLE = {11th International Conference on Automated Deduction (CADE)},
    YEAR = {1992},
    EDITOR = {Deepak Kapur},
    SERIES = {Lecture Notes in Artificial Intelligence},
    VOLUME = {607},
    PAGES = {748--752},
    ADDRESS = {Saratoga, {NY}},
    MONTH = {jun},
    PUBLISHER = {Springer-Verlag},
    URL = {http://www.csl.sri.com/papers/cade92-pvs/}
}
