@misc{pvslm,
author = {Miguel Romero and Camilo Rocha},
title = {A {PVS} Library Manager},
month = {June},
year = {2015},
url = {http://migueleci.github.io/pvslm/},
howpublished = {\url{http://migueleci.github.io/pvslm/}},
note = {[Online; accessed 14-June-2015]}
}

@misc{nasalib,
author = {{{NASA} Langley Formal Methods Team}},
title = {{NASA} {PVS} Library},
month = {June},
year = {2015},
url = {http://shemesh.larc.nasa.gov/fm/ftp/larc/PVS-library/},
howpublished = {\url{http://shemesh.larc.nasa.gov/fm/ftp/larc/PVS-library/}},
note = {[Online; accessed 14-June-2015]}
}


@inproceedings{pvs-cade92,
    AUTHOR = {{S.} Owre and {J.} {M.} Rushby and and {N.} Shankar},
    TITLE = {{PVS:} {A} Prototype Verification System},
    BOOKTITLE = {11th International Conference on Automated Deduction (CADE)},
    YEAR = {1992},
    EDITOR = {Deepak Kapur},
    SERIES = {Lecture Notes in Artificial Intelligence},
    VOLUME = {607},
    PAGES = {748--752},
    ADDRESS = {Saratoga, {NY}},
    MONTH = {jun},
    PUBLISHER = {Springer-Verlag},
    URL = {http://www.csl.sri.com/papers/cade92-pvs/}
}
